@online{twz_3_lep,
  author = "Oncel, O",
  title = "{Search for Single Top Quark Production in Association with a W and a Z Boson in the 3 Lepton Final State with the ATLAS Experiment at 13 TeV}",
  url = "https://cds.cern.ch/record/2625170",
} 



@online{MCTruthClassifier,
  title = "MCTruthClassifier - ATLAS Twiki",
  url = "https://twiki.cern.ch/twiki/bin/view/AtlasProtected/MCTruthClassifier",
}




@techreport{Marchese:2688452,
      author        = "Marchese, Luigi",
      title         = "{Lepton and photon reconstruction and identification
                       performance in ATLAS and CMS}",
      institution   = "CERN",
      collaboration = "ATLAS Collaboration",
      address       = "Geneva",
      reportNumber  = "ATL-PHYS-PROC-2019-084",
      month         = "Sep",
      year          = "2019",
      url           = "https://cds.cern.ch/record/2688452",
      doi           = "10.22323/1.350.0237",
}
@book{lhc-design-report,
      author        = "Brüning, Oliver Sim and Collier, Paul and Lebrun, P and
                       Myers, Stephen and Ostojic, Ranko and Poole, John and
                       Proudlock, Paul",
      title         = "{LHC Design Report}",
      publisher     = "CERN",
      address       = "Geneva",
      series        = "CERN Yellow Reports: Monographs",
      year          = "2004",
      url           = "https://cds.cern.ch/record/782076",
      doi           = "10.5170/CERN-2004-003-V-1",
}
@article{higgs-paper,
title = {Observation of a new particle in the search for the Standard Model Higgs boson with the ATLAS detector at the LHC},
journal = {Physics Letters B},
volume = {716},
number = {1},
pages = {1-29},
year = {2012},
issn = {0370-2693},
doi = {https://doi.org/10.1016/j.physletb.2012.08.020},
url = {https://www.sciencedirect.com/science/article/pii/S037026931200857X},
author = {G. Aad and T. Abajyan and B. Abbott and J. Abdallah and S. {Abdel Khalek} and A.A. Abdelalim and O. Abdinov and R. Aben and B. Abi and M. Abolins and et al.}
}


@article{pdg,
    author = {Particle Data Group  and Zyla, P A and Barnett, R M and Beringer, J and Dahl, O and Dwyer, D A and Groom, D E and Lin, C -J and Lugovsky, K S and Pianori, E and Robinson, D J and Wohl, C G and Yao, W -M and Agashe, K and Aielli, G and Allanach, B C and Amsler, C and Antonelli, M and Aschenauer, E C and Asner, D M and Baer, H and Banerjee, Sw and Baudis, L and Bauer, C W and Beatty, J J and Belousov, V I and Bethke, S and Bettini, A and Biebel, O and Black, K M and Blucher, E and Buchmuller, O and Burkert, V and Bychkov, M A and Cahn, R N and Carena, M and Ceccucci, A and Cerri, A and Chakraborty, D and Chivukula, R Sekhar and Cowan, G and D'Ambrosio, G and Damour, T and de Florian, D and de Gouvêa, A and DeGrand, T and de Jong, P and Dissertori, G and Dobrescu, B A and D'Onofrio, M and Doser, M and Drees, M and Dreiner, H K and Eerola, P and Egede, U and Eidelman, S and Ellis, J and Erler, J and Ezhela, V V and Fetscher, W and Fields, B D and Foster, B and Freitas, A and Gallagher, H and Garren, L and Gerber, H -J and Gerbier, G and Gershon, T and Gershtein, Y and Gherghetta, T and Godizov, A A and Gonzalez-Garcia, M C and Goodman, M and Grab, C and Gritsan, A V and Grojean, C and Grünewald, M and Gurtu, A and Gutsche, T and Haber, H E and Hanhart, C and Hashimoto, S and Hayato, Y and Hebecker, A and Heinemeyer, S and Heltsley, B and Hernández-Rey, J J and Hikasa, K and Hisano, J and Höcker, A and Holder, J and Holtkamp, A and Huston, J and Hyodo, T and Johnson, K F and Kado, M and Karliner, M and Katz, U F and Kenzie, M and Khoze, V A and Klein, S R and Klempt, E and Kowalewski, R V and Krauss, F and Kreps, M and Krusche, B and Kwon, Y and Lahav, O and Laiho, J and Lellouch, L P and Lesgourgues, J and Liddle, A R and Ligeti, Z and Lippmann, C and Liss, T M and Littenberg, L and Lourengo, C and Lugovsky, S B and Lusiani, A and Makida, Y and Maltoni, F and Mannel, T and Manohar, A V and Marciano, W J and Masoni, A and Matthews, J and Meißner, U -G and Mikhasenko, M and Miller, D J and Milstead, D and Mitchell, R E and Mönig, K and Molaro, P and Moortgat, F and Moskovic, M and Nakamura, K and Narain, M and Nason, P and Navas, S and Neubert, M and Nevski, P and Nir, Y and Olive, K A and Patrignani, C and Peacock, J A and Petcov, S T and Petrov, V A and Pich, A and Piepke, A and Pomarol, A and Profumo, S and Quadt, A and Rabbertz, K and Rademacker, J and Raffelt, G and Ramani, H and Ramsey-Musolf, M and Ratcliff, B N and Richardson, P and Ringwald, A and Roesler, S and Rolli, S and Romaniouk, A and Rosenberg, L J and Rosner, J L and Rybka, G and Ryskin, M and Ryutin, R A and Sakai, Y and Salam, G P and Sarkar, S and Sauli, F and Schneider, O and Scholberg, K and Schwartz, A J and Schwiening, J and Scott, D and Sharma, V and Sharpe, S R and Shutt, T and Silari, M and Sjöstrand, T and Skands, P and Skwarnicki, T and Smoot, G F and Soffer, A and Sozzi, M S and Spanier, S and Spiering, C and Stahl, A and Stone, S L and Sumino, Y and Sumiyoshi, T and Syphers, M J and Takahashi, F and Tanabashi, M and Tanaka, J and Taševský, M and Terashi, K and Terning, J and Thoma, U and Thorne, R S and Tiator, L and Titov, M and Tkachenko, N P and Tovey, D R and Trabelsi, K and Urquijo, P and Valencia, G and Van de Water, R and Varelas, N and Venanzoni, G and Verde, L and Vincter, M G and Vogel, P and Vogelsang, W and Vogt, A and Vorobyev, V and Wakely, S P and Walkowiak, W and Walter, C W and Wands, D and Wascko, M O and Weinberg, D H and Weinberg, E J and White, M and Wiencke, L R and Willocq, S and Woody, C L and Workman, R L and Yokoyama, M and Yoshida, R and Zanderighi, G and Zeller, G P and Zenin, O V and Zhu, R -Y and Zhu, S -L and Zimmermann, F and Anderson, J and Basaglia, T and Lugovsky, V S and Schaffner, P and Zheng, W},
    title = "{Review of Particle Physics}",
    journal = {Progress of Theoretical and Experimental Physics},
    volume = {2020},
    number = {8},
    year = {2020},
    month = {08},
    issn = {2050-3911},
    doi = {10.1093/ptep/ptaa104},
    url = {https://doi.org/10.1093/ptep/ptaa104},
    note = {083C01},
    eprint = {https://academic.oup.com/ptep/article-pdf/2020/8/083C01/33653179/ptaa104.pdf},
}


@article{Aaboud:2019,
   title= "{Measurement of ZZ production in the $\ell \ell \nu \nu$ final state with the ATLAS detector in pp collisions at s $\sqrt{s}$ = 13 TeV}",
   volume="{2019}",
   ISSN="{1029-8479}",
   url="{http://dx.doi.org/10.1007/JHEP10(2019)127}",
   DOI="{10.1007/jhep10(2019)127}",
   number="{10}",
   journal="{Journal of High Energy Physics}",
   publisher="{Springer Science and Business Media LLC}",
   author="{Aaboud, M. and Aad, G. and Abbott, B. and Abbott, D. C. and Abdinov, O. and Abed Abud, A. and Abhayasinghe, D. K. and Abidi, S. H. and AbouZeid, O. S. and et al.}",
   year={2019},
   month={10}
}
@misc{ppToZZ:CMSpaper,
    title= "{Measurements of pp $\rightarrow$ ZZ production cross sections and constraints on anomalous triple gauge couplings at $\sqrt{s} =$ 13 TeV}",
    author="{CMS Collaboration}",
    year={2020},
    eprint="{2009.01186}",
    archivePrefix="{arXiv}",
    primaryClass="{hep-ex}"
}


@online{TRexfitter,
  title = "TRExFitter",
  url = "https://twiki.cern.ch/twiki/bin/viewauth/AtlasProtected/TtHFitter",
}


@online{MixedDataAndMC_TRF,
  title = "TRExFitter: Mixed data and MC fit",
  url = "https://trexfitter-docs.web.cern.ch/trexfitter-docs/AdvancedTutorial2020/Mixed/",
}

@online{skLearnGBClassifierDocs,
  title = "Scikit-Learn GradientBoostingClassifier Documentation",
  url = "https://scikit-learn.org/stable/modules/generated/sklearn.ensemble.GradientBoostingClassifier.html",
}


@online{N_equiv_Derivation,
  title = "Errors in weighted histograms",
  url = "https://www.zeuthen.desy.de/~wischnew/amanda/discussion/wgterror/working.html",
}

@article{Collaboration_2008,
	doi = {10.1088/1748-0221/3/08/s08003},
	url = {https://doi.org/10.1088/1748-0221/3/08/s08003},
	year = 2008,
	month = {aug},
	publisher = {{IOP} Publishing},
	volume = {3},
	number = {08},
	pages = {S08003--S08003},
	author = {The ATLAS Collaboration and G Aad and E Abat and J Abdallah and A A Abdelalim and A Abdesselam and O Abdinov and B A Abi and M Abolins and H Abramowicz and E Acerbi and B S Acharya and R Achenbach and M Ackers and D L Adams and F Adamyan and T N Addy and M Aderholz and C Adorisio and P Adragna and M Aharrouche and S P Ahlen and F Ahles and A Ahmad and H Ahmed and G Aielli and P F {\AA}kesson and T P A {\AA}kesson and A V Akimov and S M Alam and J Albert and S Albrand and M Aleksa and I N Aleksandrov and M Aleppo and F Alessandria and C Alexa and G Alexander and T Alexopoulos and G Alimonti and M Aliyev and P P Allport and S E Allwood-Spiers and A Aloisio and J Alonso and R Alves and M G Alviggi and K Amako and P Amaral and S P Amaral and G Ambrosini and G Ambrosio and C Amelung and V V Ammosov and A Amorim and N Amram and C Anastopoulos and B Anderson and K J Anderson and E C Anderssen and A Andreazza and V Andrei and L Andricek and M-L Andrieux and X S Anduaga and F Anghinolfi and A Antonaki and M Antonelli and S Antonelli and R Apsimon and G Arabidze and I Aracena and Y Arai and A T H Arce and J P Archambault and J-F Arguin and E Arik and M Arik and K E Arms and S R Armstrong and M Arnaud and C Arnault and A Artamonov and S Asai and S Ask and B {\AA}sman and D Asner and L Asquith and K Assamagan and A Astbury and B Athar and T Atkinson and B Aubert and B Auerbach and E Auge and K Augsten and V M Aulchenko and N Austin and G Avolio and R Avramidou and A Axen and C Ay and G Azuelos and G Baccaglioni and C Bacci and H Bachacou and K Bachas and G Bachy and E Badescu and P Bagnaia and D C Bailey and J T Baines and O K Baker and F Ballester and F Baltasar Dos Santos Pedrosa and E Banas and D Banfi and A Bangert and V Bansal and S P Baranov and S Baranov and A Barashkou and E L Barberio and D Barberis and G Barbier and P Barclay and D Y Bardin and P Bargassa and T Barillari and M Barisonzi and B M Barnett and R M Barnett and S Baron and A Baroncelli and M Barone and A J Barr and F Barreiro and J Barreiro Guimar{\~{a}}es da Costa and P Barrillon and A Barriuso Poy and N Barros and V Bartheld and H Bartko and R Bartoldus and S Basiladze and J Bastos and L E Batchelor and R L Bates and J R Batley and S Batraneanu and M Battistin and G Battistoni and V Batusov and F Bauer and B Bauss and D E Baynham and M Bazalova and A Bazan and P H Beauchemin and B Beaugiraud and R B Beccherle and G A Beck and H P Beck and K H Becks and I Bedajanek and A J Beddall and A Beddall and P Bedn{\'{a}}r and V A Bednyakov and C Bee and S Behar Harpaz and G A N Belanger and C Belanger-Champagne and B Belhorma and P J Bell and W H Bell and G Bella and F Bellachia and L Bellagamba and F Bellina and G Bellomo and M Bellomo and O Beltramello and A Belymam and S Ben Ami and M Ben Moshe and O Benary and D Benchekroun and C Benchouk and M Bendel and B H Benedict and N Benekos and J Benes and Y Benhammou and G P Benincasa and D P Benjamin and J R Bensinger and K Benslama and S Bentvelsen and M Beretta and D Berge and E Bergeaas and N Berger and F Berghaus and S Berglund and F Bergsma and J Beringer and J Bernab{\'{e}}u and K Bernardet and C Berriaud and T Berry and H Bertelsen and A Bertin and F Bertinelli and S Bertolucci and N Besson and A Beteille and S Bethke and W Bialas and R M Bianchi and M Bianco and O Biebel and M Bieri and M Biglietti and H Bilokon and M Binder and S Binet and N Bingefors and A Bingul and C Bini and C Biscarat and R Bischof and M Bischofberger and A Bitadze and J P Bizzell and K M Black and R E Blair and J J Blaising and O Blanch and G Blanchot and C Blocker and J Blocki and A Blondel and W Blum and U Blumenschein and C Boaretto and G J Bobbink and A Bocci and D Bocian and R Bock and M Boehm and J Boek and J A Bogaerts and A Bogouch and C Bohm and J Bohm and V Boisvert and T Bold and V Boldea and V G Bondarenko and R Bonino and J Bonis and W Bonivento and P Bonneau and M Boonekamp and G Boorman and M Boosten and C N Booth and P S L Booth and P Booth and J R A Booth and K Borer and A Borisov and I Borjanovic and K Bos and D Boscherini and F Bosi and M Bosman and M Bosteels and B Botchev and H Boterenbrood and D Botterill and J Boudreau and E V Bouhova-Thacker and C Boulahouache and C Bourdarios and M Boutemeur and K Bouzakis and G R Boyd and J Boyd and B H Boyer and I R Boyko and N I Bozhko and S Braccini and A Braem and P Branchini and G W Brandenburg and A Brandt and O Brandt and U Bratzler and H M Braun and S Bravo and I P Brawn and B Brelier and J Bremer and R Brenner and S Bressler and D Breton and N D Brett and P Breugnon and P G Bright-Thomas and F M Brochu and I Brock and R Brock and T J Brodbeck and E Brodet and F Broggi and Z Broklova and C Bromberg and G Brooijmans and G Brouwer and J Broz and E Brubaker and P A Bruckman de Renstrom and D Bruncko and A Bruni and G Bruni and M Bruschi and T Buanes and N J Buchanan and P Buchholz and I A Budagov and V Büscher and L Bugge and D Buira-Clark and E J Buis and F Bujor and T Buran and H Burckhart and D Burckhart-Chromek and S Burdin and R Burns and E Busato and J J F Buskop and K P Buszello and F Butin and J M Butler and C M Buttar and J Butterworth and J M Butterworth and T Byatt and S Cabrera Urb{\'{a}}n and E Cabruja Casas and M Caccia and D Caforio and O Cakir and P Calafiura and G Calderini and D Calder{\'{o}}n Terol and J Callahan and L P Caloba and R Caloi and D Calvet and A Camard and F Camarena and P Camarri and M Cambiaghi and D Cameron and J Cammin and F Campabadal Segura and S Campana and V Canale and J Cantero and M D M Capeans Garrido and I Caprini and M Caprini and M Caprio and D Caracinha and C Caramarcu and Y Carcagno and R Cardarelli and C Cardeira and L Cardiel Sas and A Cardini and T Carli and G Carlino and L Carminati and B Caron and S Caron and C Carpentieri and F S Carr and A A Carter and J R Carter and J Carvalho and D Casadei and M P Casado and M Cascella and C Caso and J Castelo and V Castillo Gimenez and N Castro and F Castrovillari and G Cataldi and F Cataneo and A Catinaccio and J R Catmore and A Cattai and S Caughron and D Cauz and A Cavallari and P Cavalleri and D Cavalli and M Cavalli-Sforza and V Cavasinni and F Ceradini and C Cerna and C Cernoch and A S Cerqueira and A Cerri and F Cerutti and M Cervetto and S A Cetin and F Cevenini and M Chalifour and M Chamizo llatas and A Chan and J W Chapman and D G Charlton and S Charron and S V Chekulaev and G A Chelkov and H Chen and L Chen and T Chen and X Chen and S Cheng and T L Cheng and A Cheplakov and V F Chepurnov and R Cherkaoui El Moursli and D Chesneanu and E Cheu and L Chevalier and J L Chevalley and F Chevallier and V Chiarella and G Chiefari and L Chikovani and A Chilingarov and G Chiodini and S Chouridou and D Chren and T Christiansen and I A Christidi and A Christov and M L Chu and J Chudoba and A G Chuguev and G Ciapetti and E Cicalini and A K Ciftci and V Cindro and M D Ciobotaru and A Ciocio and M Cirilli and M Citterio and M Ciubancan and J V Civera and A Clark and W Cleland and J C Clemens and B C Clement and C Cl{\'{e}}ment and D Clements and R W Clifft and M Cobal and A Coccaro and J Cochran and R Coco and P Coe and S Coelli and E Cogneras and C D Cojocaru and J Colas and A P Colijn and C Collard and C Collins-Tooth and J Collot and R Coluccia and G Comune and P Conde Mui{\~{n}}o and E Coniavitis and M Consonni and S Constantinescu and C Conta and F A Conventi and J Cook and M Cooke and N J Cooper-Smith and T Cornelissen and M Corradi and S Correard and A Corso-Radu and J Coss and G Costa and M J Costa and D Costanzo and T Costin and R Coura Torres and L Courneyea and C Couyoumtzelis and G Cowan and B E Cox and J Cox and D A Cragg and K Cranmer and J Cranshaw and M Cristinziani and G Crosetti and C Cuenca Almenar and S Cuneo and A Cunha and M Curatolo and C J Curtis and P Cwetanski and Z Czyczula and S D{\textquotesingle}Auria and M D{\textquotesingle}Onofrio and A Da Rocha Gesualdi Mello and P V M Da Silva and R Da Silva and W Dabrowski and A Dael and A Dahlhoff and T Dai and C Dallapiccola and S J Dallison and J Dalmau and C H Daly and M Dam and D Damazio and M Dameri and K M Danielsen and H O Danielsson and R Dankers and D Dannheim and G Darbo and P Dargent and C Daum and J P Dauvergne and M David and T Davidek and N Davidson and R Davidson and I Dawson and J W Dawson and R K Daya and K De and R de Asmundis and R de Boer and S De Castro and N De Groot and P de Jong and X de La Broise and E De La Cruz-Burelo and C De La Taille and B De Lotto and M De Oliveira Branco and D De Pedis and P de Saintignon and A De Salvo and U De Sanctis and A De Santo and J B De Vivie De Regie and G De Zorzi and S Dean and G Dedes and D V Dedovich and P O Defay and R Degele and M Dehchar and M Deile and C Del Papa and J Del Peso and T Del Prete and E Delagnes and P Delebecque and A Dell{\textquotesingle}Acqua and M Della Pietra and D della Volpe and M Delmastro and P Delpierre and N Delruelle and P A Delsart and C Deluca Silberberg and S Demers and M Demichev and P Demierre and B Demirköz and W Deng and S P Denisov and C Dennis and C J Densham and M Dentan and J E Derkaoui and F Derue and P Dervan and K K Desch and A Dewhurst and A Di Ciaccio and L Di Ciaccio and A Di Domenico and A Di Girolamo and B Di Girolamo and S Di Luise and A Di Mattia and A Di Simone and M M Diaz Gomez and E B Diehl and H Dietl and J Dietrich and W Dietsche and S Diglio and M Dima and K Dindar and B Dinkespiler and C Dionisi and R Dipanjan and P Dita and S Dita and F Dittus and S D Dixon and F Djama and R Djilkibaev and T Djobava and M A B do Vale and M Dobbs and R Dobinson and D Dobos and E Dobson and M Dobson and J Dodd and O B Dogan and T Doherty and Y Doi and J Dolejsi and I Dolenc and Z Dolezal and B A Dolgoshein and E Domingo and M Donega and J Dopke and D E Dorfan and O Dorholt and A Doria and A Dos Anjos and M Dosil and A Dotti and M T Dova and J D Dowell and A T Doyle and G Drake and D Drakoulakos and Z Drasal and J Drees and N Dressnandt and H Drevermann and C Driouichi and M Dris and J G Drohan and J Dubbert and T Dubbs and E Duchovni and G Duckeck and A Dudarev and M Dührssen and H Dür and I P Duerdoth and S Duffin and L Duflot and M-A Dufour and N Dumont Dayot and H Duran Yildiz and D Durand and A Dushkin and R Duxfield and M Dwuznik and F Dydak and D Dzahini and S D{\'{\i}}ez Cornell and M Düren and W L Ebenstein and S Eckert and S Eckweiler and P Eerola and I Efthymiopoulos and U Egede and K Egorov and W Ehrenfeld and T Eifert and G Eigen and K Einsweiler and E Eisenhandler and T Ekelof and L M Eklund and M El Kacimi and M Ellert and S Elles and N Ellis and J Elmsheuser and M Elsing and R Ely and D Emeliyanov and R Engelmann and M Engström and P Ennes and B Epp and A Eppig and V S Epshteyn and A Ereditato and V Eremin and D Eriksson and I Ermoline and J Ernwein and D Errede and S Errede and M Escalier and C Escobar and X Espinal Curull and B Esposito and F Esteves and F Etienne and A I Etienvre and E Etzion and H Evans and V N Evdokimov and P Evtoukhovitch and A Eyring and L Fabbri and C W Fabjan and C Fabre and P Faccioli and K Facius and V Fadeyev and R M Fakhrutdinov and S Falciano and I Falleau and A C Falou and Y Fang and M Fanti and A Farbin and A Farilla and J Farrell and P Farthouat and D Fasching and F Fassi and P Fassnacht and D Fassouliotis and F Fawzi and L Fayard and F Fayette and R Febbraro and O L Fedin and I Fedorko and L Feld and G Feldman and L Feligioni and C Feng and E J Feng and J Fent and A B Fenyuk and J Ferencei and D Ferguson and J Ferland and W Fernando and S Ferrag and A Ferrari and P Ferrari and R Ferrari and A Ferrer and M L Ferrer and D Ferrere and C Ferretti and F Ferro and M Fiascaris and S Fichet and F Fiedler and V Filimonov and A Filip{\v{c}}i{\v{c}} and A Filippas and F Filthaut and M Fincke-Keeler and G Finocchiaro and L Fiorini and A Firan and P Fischer and M J Fisher and S M Fisher and V Flaminio and J Flammer and M Flechl and I Fleck and W Flegel and P Fleischmann and S Fleischmann and C M Fleta Corral and F Fleuret and T Flick and J Flix and L R Flores Castillo and M J Flowerdew and F Föhlisch and M Fokitis and T M Fonseca Martin and J Fopma and D A Forbush and A Formica and J M Foster and D Fournier and A Foussat and A J Fowler and H Fox and P Francavilla and D Francis and S Franz and J T Fraser and M Fraternali and S Fratianni and J Freestone and R S French and K Fritsch and D Froidevaux and J A Frost and C Fukunaga and J Fulachier and E Fullana Torregrosa and J Fuster and C Gabaldon and S Gadomski and G Gagliardi and P Gagnon and E J Gallas and M V Gallas and B J Gallop and K K Gan and F C Gannaway and Y S Gao and V A Gapienko and A Gaponenko and C Garci{\'{a}} and M Garcia-Sciveres and J E Garc{\`{\i}}a Navarro and V Garde and R W Gardner and N Garelli and H Garitaonandia and V G Garonne and J Garvey and C Gatti and G Gaudio and O Gaumer and V Gautard and P Gauzzi and I L Gavrilenko and C Gay and J-C Gayde and E N Gazis and E Gazo and C N P Gee and C Geich-Gimbel and K Gellerstedt and C Gemme and M H Genest and S Gentile and M A George and S George and P Gerlach and Y Gernizky and C Geweniger and H Ghazlane and V M Ghete and P Ghez and N Ghodbane and B Giacobbe and S Giagu and V Giakoumopoulou and V Giangiobbe and F Gianotti and B Gibbard and A Gibson and M D Gibson and S M Gibson and G F Gieraltowski and I Gil Botella and L M Gilbert and M Gilchriese and O Gildemeister and V Gilewsky and A R Gillman and D M Gingrich and J Ginzburg and N Giokaris and M P Giordani and C G Girard and P F Giraud and P Girtler and D Giugni and P Giusti and B K Gjelsten and C Glasman and A Glazov and K W Glitza and G L Glonti and K G Gnanvo and J Godlewski and T Göpfert and C Gössling and T Göttfert and S Goldfarb and D Goldin and N Goldschmidt and T Golling and N P Gollub and P J Golonka and S N Golovnia and A Gomes and J Gomes and R Gon{\c{c}}alo and A Gongadze and A Gonidec and S Gonzalez and S Gonz{\'{a}}lez de la Hoz and V Gonz{\'{a}}lez Mill{\'{a}}n and M L Gonzalez Silva and B Gonzalez-Pineiro and S Gonz{\'{a}}lez-Sevilla and M J Goodrick and J J Goodson and L Goossens and P A Gorbounov and A Gordeev and H Gordon and I Gorelov and G Gorfine and B Gorini and E Gorini and A Gori{\v{s}}ek and E Gornicki and S A Gorokhov and B T Gorski and S V Goryachev and V N Goryachev and M Gosselink and M I Gostkin and M Gouan{\`{e}}re and I Gough Eschrich and D Goujdami and M Goulette and I Gousakov and J Gouveia and S Gowdy and C Goy and I Grabowska-Bold and V Grabski and P Grafström and C Grah and K-J Grahn and F Grancagnolo and S Grancagnolo and H Grassmann and V Gratchev and H M Gray and E Graziani and B Green and A Greenall and D Greenfield and D Greenwood and I M Gregor and A Grewal and E Griesmayer and N Grigalashvili and C Grigson and A A Grillo and F Grimaldi and K Grimm and P L Y Gris and Y Grishkevich and H Groenstege and L S Groer and J Grognuz and M Groh and E Gross and J Grosse-Knetter and M E M Grothe and J Grudzinski and C Gruse and M Gruwe and K Grybel and P Grybos and E M Gschwendtner and V J Guarino and C J Guicheney and G Guilhem and T Guillemin and J Gunther and B Guo and A Gupta and L Gurriana and V N Gushchin and P Gutierrez and L Guy and C Guyot and C Gwenlan and C B Gwilliam and A Haas and S Haas and C Haber and G Haboubi and R Hackenburg and E Hadash and H K Hadavand and C Haeberli and R Härtel and R Haggerty and F Hahn and S Haider and Z Hajduk and M Hakimi and H Hakobyan and H Hakobyan and J Haller and G D Hallewell and B Hallgren and K Hamacher and A Hamilton and H Han and L Han and K Hanagaki and M Hance and P Hanke and C J Hansen and F H Hansen and J R Hansen and J B Hansen and J D Hansen and P H Hansen and T Hansl-Kozanecka and G Hanson and P Hansson and K Hara and S Harder and A Harel and T Harenberg and R Harper and J C Hart and R G G Hart and F Hartjes and N Hartman and T Haruyama and A Harvey and Y Hasegawa and K Hashemi and S Hassani and M Hatch and R W Hatley and T G Haubold and D Hauff and F Haug and S Haug and M Hauschild and R Hauser and C Hauviller and M Havranek and B M Hawes and R J Hawkings and D Hawkins and T Hayler and H S Hayward and S J Haywood and E Hazen and M He and Y P He and S J Head and V Hedberg and L Heelan and F E W Heinemann and M Heldmann and S Hellman and C Helsens and R C W Henderson and P J Hendriks and A M Henriques Correia and S Henrot-Versille and F Henry-Couannier and T Hen{\ss} and G Herten and R Hertenberger and L Hervas and M Hess and N P Hessey and A Hicheur and A Hidvegi and E Hig{\'{o}}n-Rodriguez and D Hill and J Hill and J C Hill and N Hill and S J Hillier and I Hinchliffe and D Hindson and C Hinkelbein and T A Hodges and M C Hodgkinson and P Hodgson and A Hoecker and M R Hoeferkamp and J Hoffman and A E Hoffmann and D Hoffmann and H F Hoffmann and M Holder and T I Hollins and G Hollyman and A Holmes and S O Holmgren and R Holt and E Holtom and T Holy and R J Homer and Y Homma and P Homola and W Honerbach and A Honma and I Hooton and T Horazdovsky and C Horn and S Horvat and J-Y Hostachy and T Hott and S Hou and M A Houlden and A Hoummada and J Hover and D F Howell and J Hrivnac and I Hruska and T Hryn{\textquotesingle}ova and G S Huang and Z Hubacek and F Hubaut and F Huegging and B T Huffman and E Hughes and G Hughes and R E Hughes-Jones and W Hulsbergen and P Hurst and M Hurwitz and T Huse and N Huseynov and J Huston and J Huth and G Iacobucci and M Ibbotson and I Ibragimov and R Ichimiya and L Iconomidou-Fayard and J Idarraga and M Idzik and P Iengo and M C Iglesias Escudero and O Igonkina and Y Ikegami and M Ikeno and Y Ilchenko and Y Ilyushenka and D Imbault and P Imbert and M Imhaeuser and M Imori and T Ince and J Inigo-Golfin and K Inoue and P Ioannou and M Iodice and G Ionescu and K Ishii and M Ishino and Y Ishizawa and R Ishmukhametov and C Issever and H Ito and A V Ivashin and W Iwanski and H Iwasaki and J M Izen and V Izzo and J Jackson and J N Jackson and M Jaekel and S Jagielski and M Jahoda and V Jain and K Jakobs and J Jakubek and E Jansen and P P M Jansweijer and R C Jared and G Jarlskog and S Jarp and P Jarron and K Jelen and I Jen-La Plante and P Jenni and A Jeremie and P Jez and S J{\'{e}}z{\'{e}}quel and Y Jiang and G Jin and S Jin and O Jinnouchi and D Joffe and L G Johansen and M Johansen and K E Johansson and P Johansson and K A Johns and K Jon-And and M Jones and R Jones and R W L Jones and T W Jones and T J Jones and A Jones and O Jonsson and K K Joo and D Joos and M Joos and C Joram and S Jorgensen and J Joseph and P Jovanovic and S S Junnarkar and V Juranek and P Jussel and V V Kabachenko and S Kabana and M Kaci and A Kaczmarska and M Kado and H Kagan and S Kagawa and S Kaiser and E Kajomovitz and S Kakurin and L V Kalinovskaya and S Kama and H Kambara and N Kanaya and A Kandasamy and S Kandasamy and M Kaneda and V A Kantserov and J Kanzaki and B Kaplan and A Kapliy and J Kaplon and M Karagounis and M Karagoz Unel and K Karr and P Karst and V Kartvelishvili and A N Karyukhin and L Kashif and A Kasmi and R D Kass and A Kastanas and M Kataoka and Y Kataoka and E Katsoufis and S Katunin and K Kawagoe and M Kawai and T Kawamoto and F Kayumov and V A Kazanin and M Y Kazarinov and A Kazarov and S I Kazi and J R Keates and R Keeler and P T Keener and R Kehoe and M Keil and G D Kekelidze and M Kelly and J Kennedy and M Kenyon and O Kepka and N Kerschen and B P Ker{\v{s}}evan and S Kersten and C Ketterer and M Khakzad and F Khalilzade and H Khandanyan and A Khanov and D Kharchenko and A Khodinov and A G Kholodenko and A Khomich and V P Khomutnikov and G Khoriauli and N Khovanskiy and V Khovanskiy and E Khramov and J Khubua and G Kieft and J A Kierstead and G Kilvington and H Kim and H Kim and S H Kim and P Kind and B T King and J Kirk and G P Kirsch and L E Kirsch and A E Kiryunin and D Kisielewska and B Kisielewski and T Kittelmann and A M Kiver and H Kiyamura and E Kladiva and J Klaiber-Lodewigs and K Kleinknecht and A Klier and A Klimentov and C R Kline and R Klingenberg and E B Klinkby and T Klioutchnikova and P F Klok and S Klous and E-E Kluge and P Kluit and M Klute and S Kluth and N K Knecht and E Kneringer and E Knezo and J Knobloch and B R Ko and T Kobayashi and M Kobel and P Kodys and A C König and S König and L Köpke and F Koetsveld and T Koffas and E Koffeman and Z Kohout and T Kohriki and T Kokott and G M Kolachev and H Kolanoski and V Kolesnikov and I Koletsou and M Kollefrath and S Kolos and S D Kolya and A A Komar and J R Komaragiri and T Kondo and Y Kondo and N V Kondratyeva and T Kono and A I Kononov and R Konoplich and S P Konovalov and N Konstantinidis and A Kootz and S Koperny and S V Kopikov and K Korcyl and K Kordas and V Koreshev and A Korn and I Korolkov and V A Korotkov and H Korsmo and O Kortner and M E Kostrikov and V V Kostyukhin and M J Kotamäki and D Kotchetkov and S Kotov and V M Kotov and K Y Kotov and C Kourkoumelis and A Koutsman and S Kovalenko and R Kowalewski and H Kowalski and T Z Kowalski and W Kozanecki and A S Kozhin and V Kral and V Kramarenko and G Kramberger and A Kramer and O Krasel and M W Krasny and A Krasznahorkay and A Krepouri and P Krieger and P Krivkova and G Krobath and H Kroha and J Krstic and U Kruchonak and H Krüger and K Kruger and Z V Krumshteyn and P Kubik and W Kubischta and T Kubota and L G Kudin and J Kudlaty and A Kugel and T Kuhl and D Kuhn and V Kukhtin and Y Kulchitsky and N Kundu and A Kupco and M Kupper and H Kurashige and L L Kurchaninov and Y A Kurochkin and V Kus and W Kuykendall and P Kuzhir and E K Kuznetsova and O Kvasnicka and R Kwee and D La Marra and M La Rosa and L La Rotonda and L Labarga and J A Labbe and C Lacasta and F Lacava and H Lacker and D Lacour and V R Lacuesta and E Ladygin and R Lafaye and B Laforge and T Lagouri and S Lai and E Lamanna and M Lambacher and F Lambert and W Lampl and E Lancon and U Landgraf and M P J Landon and H Landsman and R R Langstaff and A J Lankford and F Lanni and K Lantzsch and A Lanza and V V Lapin and S Laplace and J F Laporte and V Lara and T Lari and A V Larionov and C Lasseur and W Lau and P Laurelli and A Lavorato and W Lavrijsen and A B Lazarev and A-C Le Bihan and O Le Dortz and C Le Maner and M Le Vine and L Leahu and M Leahu and C Lebel and M Lechowski and T LeCompte and F Ledroit-Guillon and H Lee and J S H Lee and S C Lee and M Lefebvre and R P Lefevre and M Legendre and A Leger and B C LeGeyt and C Leggett and M Lehmacher and G Lehmann Miotto and M Lehto and R Leitner and D Lelas and D Lellouch and M Leltchouk and V Lendermann and K J C Leney and T Lenz and G Lenzen and J Lepidis and C Leroy and J-R Lessard and J Lesser and C G Lester and M Letheren and A Leung Fook Cheong and J Lev{\^{e}}que and D Levin and L J Levinson and M S Levitski and M Lewandowska and M Leyton and J Li and W Li and M Liabline and Z Liang and Z Liang and B Liberti and P Lichard and W Liebig and R Lifshitz and D Liko and H Lim and M Limper and S C Lin and A Lindahl and F Linde and L Lindquist and S W Lindsay and V Linhart and A J Lintern and A Liolios and A Lipniacka and T M Liss and A Lissauer and J List and A M Litke and S Liu and T Liu and Y Liu and M Livan and A Lleres and G Llos{\'{a}} Ll{\'{a}}cer and S L Lloyd and F Lobkowicz and P Loch and W S Lockman and T Loddenkoetter and F K Loebinger and A Loginov and C W Loh and T Lohse and K Lohwasser and M Lokajicek and J Loken and S Lokwitz and M C Long and L Lopes and D Lopez Mateos and M J Losty and X Lou and K F Loureiro and L Lovas and J Love and A Lowe and M Lozano Fantoba and F Lu and J Lu and L Lu and H J Lubatti and S Lucas and C Luci and A Lucotte and A Ludwig and I Ludwig and J Ludwig and F Luehring and D Lüke and G Luijckx and L Luisa and D Lumb and L Luminari and E Lund and B Lund-Jensen and B Lundberg and J Lundquist and A Lupi and N Lupu and G Lutz and D Lynn and J Lynn and J Lys and V Lysan and E Lytken and J M L{\'{o}}pez-Amengual and H Ma and L L Ma and M Maa{\ss} en and G Maccarrone and G G R Mace and D Macina and R Mackeprang and A Macpherson and D MacQueen and C Macwaters and R J Madaras and W F Mader and R Maenner and T Maeno and P Mättig and S Mättig and C A Magrath and Y Mahalalel and K Mahboubi and G Mahout and C Maidantchik and A Maio and G M Mair and K Mair and Y Makida and D Makowiecki and P Malecki and V P Maleev and F Malek and D Malon and S Maltezos and V Malychev and S Malyukov and M Mambelli and R Mameghani and J Mamuzic and A Manabe and A Manara and G Manca and L Mandelli and I Mandi{\'{c}} and M Mandl and J Maneira and M Maneira and P S Mangeard and M Mangin-Brinet and I D Manjavidze and W A Mann and S Manolopoulos and A Manousakis-Katsikakis and B Mansoulie and A Manz and A Mapelli and L Mapelli and L March and J F Marchand and M Marchesotti and M Marcisovsky and A Marin and C N Marques and F Marroquim and R Marshall and Z Marshall and F K Martens and S Marti i Garcia and A J Martin and B Martin and B Martin and F F Martin and J P Martin and Ph Martin and G Martinez and C Mart{\'{\i}}nez Lacambra and V Martinez Outschoorn and A Martini and J Martins and T Maruyama and F Marzano and T Mashimo and R Mashinistov and J Masik and A L Maslennikov and M Ma{\ss} and I Massa and G Massaro and N Massol and M Mathes and J Matheson and P Matricon and H Matsumoto and H Matsunaga and J M Maugain and S J Maxfield and E N May and J K Mayer and C Mayri and R Mazini and M Mazzanti and P Mazzanti and E Mazzoni and F Mazzucato and S P Mc Kee and R L McCarthy and C McCormick and N A McCubbin and J McDonald and K W McFarlane and S McGarvie and H McGlone and R A McLaren and S J McMahon and T R McMahon and T J McMahon and R A McPherson and M Mechtel and D Meder-Marouelli and M Medinnis and R Meera-Lebbai and C Meessen and R Mehdiyev and A Mehta and K Meier and H Meinhard and J Meinhardt and C Meirosu and F Meisel and A Melamed-Katz and B R Mellado Garcia and P Mendes Jorge and P Mendez and S Menke and C Menot and E Meoni and D Merkl and L Merola and C Meroni and F S Merritt and I Messmer and J Metcalfe and S Meuser and J-P Meyer and T C Meyer and W T Meyer and V Mialkovski and M Michelotto and L Micu and R Middleton and P Miele and A Migliaccio and L Mijovi{\'{c}} and G Mikenberg and M Mikestikova and M Mikestikova and B Mikulec and M Miku{\v{z}} and D W Miller and R J Miller and W Miller and M Milosavljevic and D A Milstead and S Mima and A A Minaenko and M Minano and I A Minashvili and A I Mincer and B Mindur and M Mineev and L M Mir and G Mirabelli and L Miralles Verge and S Misawa and S Miscetti and A Misiejuk and A Mitra and G Y Mitrofanov and V A Mitsou and P S Miyagawa and Y Miyazaki and J U Mjörnmark and S Mkrtchyan and D Mladenov and T Moa and M Moch and A Mochizuki and P Mockett and P Modesto and S Moed and K Mönig and N Möser and B Mohn and W Mohr and S Mohrdieck-Möck and A M Moisseev and R M Moles Valls and J Molina-Perez and A Moll and G Moloney and R Mommsen and L Moneta and E Monnier and G Montarou and S Montesano and F Monticelli and R W Moore and T B Moore and G F Moorhead and A Moraes and J Morel and A Moreno and D Moreno and P Morettini and D Morgan and M Morii and J Morin and A K Morley and G Mornacchi and M-C Morone and S V Morozov and E J Morris and J Morris and M C Morrissey and H G Moser and M Mosidze and A Moszczynski and S V Mouraviev and T Mouthuy and T H Moye and E J W Moyse and J Mueller and M Müller and A Muijs and T R Muller and A Munar and D J Munday and K Murakami and R Murillo Garcia and W J Murray and A G Myagkov and M Myska and K Nagai and Y Nagai and K Nagano and Y Nagasaka and A M Nairz and D Naito and K Nakamura and Y Nakamura and I Nakano and G Nanava and A Napier and M Nassiakou and I Nasteva and N R Nation and T Naumann and F Nauyock and S K Nderitu and H A Neal and E Nebot and P Nechaeva and A Neganov and A Negri and S Negroni and C Nelson and S Nemecek and P Nemethy and A A Nepomuceno and M Nessi and S Y Nesterov and L Neukermans and P Nevski and F M Newcomer and A Nichols and C Nicholson and R Nicholson and R B Nickerson and R Nicolaidou and G Nicoletti and B Nicquevert and M Niculescu and J Nielsen and T Niinikoski and M J Niinimaki and N Nikitin and K Nikolaev and I Nikolic-Audit and K Nikolopoulos and H Nilsen and B S Nilsson and P Nilsson and A Nisati and R Nisius and L J Nodulman and M Nomachi and H Nomoto and J-M Noppe and M Nordberg and O Norniella Francisco and P R Norton and J Novakova and M Nowak and M Nozaki and R Nunes and G Nunes Hanninger and T Nunnemann and T Nyman and P O{\textquotesingle}Connor and S W O{\textquotesingle}Neale and D C O{\textquotesingle}Neil and M O{\textquotesingle}Neill and V O{\textquotesingle}Shea and F G Oakham and H Oberlack and M Obermaier and P Oberson and A Ochi and W Ockenfels and S Odaka and I Odenthal and G A Odino and H Ogren and S H Oh and T Ohshima and H Ohshita and H Okawa and M Olcese and A G Olchevski and C Oliver and J Oliver and M Olivo Gomez and A Olszewski and J Olszowska and C Omachi and A Onea and A Onofre and C J Oram and G Ordonez and M J Oreglia and F Orellana and Y Oren and D Orestano and I O Orlov and R S Orr and F Orsini and L S Osborne and B Osculati and C Osuna and R Otec and R Othegraven and B Ottewell and F Ould-Saada and A Ouraou and Q Ouyang and O K {\O}ye and V E Ozcan and K Ozone and N Ozturk and A Pacheco Pages and S Padhi and C Padilla Aranda and E Paganis and F Paige and P M Pailler and K Pajchel and S Palestini and J Palla and D Pallin and M J Palmer and Y B Pan and N Panikashvili and V N Panin and S Panitkin and D Pantea and M Panuskova and V Paolone and A Paoloni and I Papadopoulos and T Papadopoulou and I Park and W Park and M A Parker and S Parker and C Parkman and F Parodi and J A Parsons and U Parzefall and E Pasqualucci and G Passardi and A Passeri and M S Passmore and F Pastore and Fr Pastore and S Pataraia and D Pate and J R Pater and S Patricelli and T Pauly and E Pauna and L S Peak and S J M Peeters and M Peez and E Pei and S V Peleganchuk and G Pellegrini and R Pengo and J Pequenao and M Perantoni and A Perazzo and A Pereira and E Perepelkin and V J O Perera and E Perez Codina and V Perez Reale and I Peric and L Perini and H Pernegger and E Perrin and R Perrino and P Perrodo and G Perrot and P Perus and V D Peshekhonov and E Petereit and J Petersen and T C Petersen and P J F Petit and C Petridou and E Petrolo and F Petrucci and R Petti and M Pezzetti and B Pfeifer and A Phan and A W Phillips and P W Phillips},
	title = {The {ATLAS} Experiment at the {CERN} Large Hadron Collider},
	journal = {Journal of Instrumentation},
	abstract = {The ATLAS detector as installed in its experimental cavern at point 1 at CERN is described in this paper. A brief overview of the expected performance of the detector when the Large Hadron Collider begins operation is also presented.}
}
@article{electronRecoAndID:paper,
   title={Electron reconstruction and identification in the ATLAS experiment using the 2015 and 2016 LHC proton–proton collision data at $\sqrt{s} =$ 13 TeV},
   volume={79},
   ISSN={1434-6052},
   url={http://dx.doi.org/10.1140/epjc/s10052-019-7140-6},
   DOI={10.1140/epjc/s10052-019-7140-6},
   number={8},
   journal={The European Physical Journal C},
   publisher={Springer Science and Business Media LLC},
   author={Aaboud, M. and Aad, G. and Abbott, B. and Abbott, D. C. and Abdinov, O. and Abeloos, B. and Abhayasinghe, D. K. and Abidi, S. H. and AbouZeid, O. S. and et al.},
   year={2019},
   month={Aug}
}

@online{Overlap-removal-slides,
  title = "Overlap Removal Tools, FTAG/Hbb Workshop",
  url = "https://indico.cern.ch/event/631313/contributions/2683959/attachments/1518878/2373377/Farrell_ORTools_ftaghbb.pdf",
  author = "Steve Farrell"
}



@online{muon-selection-tool,
  title = "MuonSelectionTool, ATLAS TWiki",
  url = "https://twiki.cern.ch/twiki/bin/view/Atlas/MuonSelectionTool",

}

@online{TopRecoObjTwikiModel,
  title = "TopRecoObjTwikiModel",
  url = "https://twiki.cern.ch/twiki/bin/view/AtlasProtected/TopRecoObjTwikiModel",

}

@online{recommendedIsolationWPs,
  title = "Recommended isolation working points",
  url = "https://twiki.cern.ch/twiki/bin/view/AtlasProtected/RecommendedIsolationWPs",

}

@online{electronIDefficiency,
  title = "Electron identification efficiency in data for electrons with $E_{T} > 30$GeV",
  url = "https://atlas.web.cern.ch/Atlas/GROUPS/PHYSICS/PAPERS/EGAM-2018-01/fig_16.png",

}

@article{muonIDEfficiency,
   title={Muon reconstruction performance of the ATLAS detector in proton–proton collision data at $\sqrt{s} =$ 13 TeV},
   volume={76},
   ISSN={1434-6052},
   url={http://dx.doi.org/10.1140/epjc/s10052-016-4120-y},
   DOI={10.1140/epjc/s10052-016-4120-y},
   number={5},
   journal={The European Physical Journal C},
   publisher={Springer Science and Business Media LLC},
   author={Aad, G. and Abbott, B. and Abdallah, J. and Abdinov, O. and Abeloos, B. and Aben, R. and Abolins, M. and AbouZeid, O. S. and Abraham, N. L. and et al.},
   year={2016},
   month={May}
}

@online{elecIsolationEfficiency,
  title = "Isolation WPs summary: PLV $+$ LowPtPLV",
  url = "https://indico.cern.ch/event/854783/contributions/3595486/attachments/1929380/3195230/PLV_Summary.pdf",
  author = "Shunichi Akatsuka and Shion Chen",
  year = {2019},
  month = {10}
}
@online{muonIsolationEfficiency,
  title = "Track isolation variable for the PFlow WPs",
  url = "https://indico.cern.ch/event/854783/contributions/3595529/attachments/1926980/3190772/IFF_20191003_PflowWPs.pdf",
  author = "Shion Chen",
  year = {2019},
  month = {10}

}
@booklet{twiki-JVT,
  author = "{ATLAS Internal}",
  title = "{Jet Vertex Tagger for Run 2 in reco and analysis}",
  url = "https://twiki.cern.ch/twiki/bin/view/AtlasProtected/JetVertexTaggerTool",
  year = 2021
}
@Article{PERF-2016-06,
    author         = "{ATLAS Collaboration}",
    title          = "{Identification and rejection of pile-up jets at high pseudorapidity with the ATLAS detector}",
    journal        = "Eur. Phys. J. C",
    volume         = "77",
    year           = "2017",
    pages          = "580",
    doi            = "10.1140/epjc/s10052-017-5081-5",
    reportNumber   = "CERN-EP-2017-055",
    eprint         = "1705.02211",
    archivePrefix  = "arXiv",
    primaryClass   = "hep-ex",
    related        = "PERF-2016-06-err",
    relatedstring  = "Erratum:",
}

@Article{PERF-2016-05,
    author         = "{ATLAS Collaboration}",
    title          = "{Measurements of $b$-jet tagging efficiency with the ATLAS detector using $t\bar{t}$ events at $sqrt{s} = 13$TeV,\text{TeV}\)}",
    journal        = "JHEP",
    volume         = "08",
    year           = "2018",
    pages          = "089",
    doi            = "10.1007/JHEP08(2018)089",
    reportNumber   = "CERN-EP-2018-047",
    eprint         = "1805.01845",
    archivePrefix  = "arXiv",
    primaryClass   = "hep-ex",
}
@Article{FTAG-2018-01,
    author         = "{ATLAS Collaboration}",
    title          = "{ATLAS $b$-jet identification performance and efficiency measurement with $t\bar{t}$ events in $pp$ collisions at $sqrt{s} = 13$TeV}",
    journal        = "Eur. Phys. J. C",
    volume         = "79",
    year           = "2019",
    pages          = "970",
    doi            = "10.1140/epjc/s10052-019-7450-8",
    reportNumber   = "CERN-EP-2019-132",
    eprint         = "1907.05120",
    archivePrefix  = "arXiv",
    primaryClass   = "hep-ex",
}

@Booklet{ATLAS-CONF-2018-001,
    author         = "{ATLAS Collaboration}",
    title          = "{Measurement of $b$-tagging efficiency of $c$-jets in $t\bar{t}$ events using a likelihood approach with the ATLAS detector}",
    howpublished   = "{ATLAS-CONF-2018-001}",
    url            = "https://cds.cern.ch/record/2306649",
    year           = "2018",
}
@Booklet{ATLAS-CONF-2018-006,
    author         = "{ATLAS Collaboration}",
    title          = "{Calibration of light-flavour $b$-jet mistagging rates using ATLAS proton--proton collision data at $sqrt{s} = 13$TeV}",
    howpublished   = "{ATLAS-CONF-2018-006}",
    url            = "https://cds.cern.ch/record/2314418",
    year           = "2018",
}

@Article{EGAM-2018-01,
    author         = "{ATLAS Collaboration}",
    title          = "{Electron and photon performance measurements with the ATLAS detector using the 2015-2017 LHC proton-proton collision data}",
    journal        = "JINST",
    volume         = "14",
    year           = "2019",
    pages          = "P12006",
    doi            = "10.1088/1748-0221/14/12/P12006",
    reportNumber   = "CERN-EP-2019-145",
    eprint         = "1908.00005",
    archivePrefix  = "arXiv",
    primaryClass   = "hep-ex",
}
@Article{MUON-2018-03,
    author         = "{ATLAS Collaboration}",
    title          = "{Muon reconstruction and identification efficiency in ATLAS using the full Run 2 $pp$ collision data set at $sqrt{s} = 13$TeV}",
    year           = "2020",
    reportNumber   = "CERN Preprint ID: CERN-EP-2020-199",
    eprint         = "2012.00578",
    archivePrefix  = "arXiv",
    primaryClass   = "hep-ex",
}

@booklet{twiki-muSF,
  author = "{ATLAS Internal}",
  title = "{Muon Efficiencies for Analyses}",
  url = "https://twiki.cern.ch/twiki/bin/view/AtlasProtected/MuonEfficienciesForAnalysis",
  year = 2021
}



@booklet{twiki-elSFunc,
author = "{ATLAS Internal}",
title = "{Electron Efficiency Correlation Model}",
url = "https://twiki.cern.ch/twiki/bin/view/AtlasProtected/ElectronEfficiencyCorrelationModel",
year = 2021
}


@booklet{twiki-elSF,
  author = "{ATLAS Internal}",
  title = "{Electron Efficiencies for Analyses}",
  url = "https://twiki.cern.ch/twiki/bin/viewauth/AtlasProtected/ElectronEfficienciesForAnalysis",
  year = 2021
}

@online{JVTandfJVT-Recommendations,
  title = "Pileup jet recommendations",
  url = "https://twiki.cern.ch/twiki/bin/view/AtlasProtected/PileupJetRecommendations",
}
@online{IFFTruthClassifier,
  title = "IFFTruthClassifier GitLab Repository",
  url = "https://gitlab.cern.ch/ATLAS-IFF/IFFTruthClassifier/-/tree/master",
}
@online{IFFTruthClassifier-leptonCategories,
  title = "IFFTruthClassifier Lepton Categories",
  url = "https://gitlab.cern.ch/ATLAS-IFF/IFFTruthClassifier/-/tree/master#3-details-about-the-lepton-categories",
}

@online{TRF-ForceShape,
  title = "Option to force a shape withing an error band by hand - TRF documentation",
  url = "https://trexfitter-docs.web.cern.ch/trexfitter-docs/model_building/shape/",
}



@online{GoodRunLists,
  title = "GoodRunListsForAnalysisRun2",
  url = "https://twiki.cern.ch/twiki/bin/viewauth/AtlasProtected/GoodRunListsForAnalysisRun2",
}

@article{Demartin:2016axk,
    author = "Demartin, Federico and Maier, Benedikt and Maltoni, Fabio and Mawatari, Kentarou and Zaro, Marco",
    title = "{tWH associated production at the LHC}",
    eprint = "1607.05862",
    archivePrefix = "arXiv",
    primaryClass = "hep-ph",
    reportNumber = "MCNET-16-30, CP3-16-40, LPSC16158",
    doi = "10.1140/epjc/s10052-017-4601-7",
    journal = "Eur. Phys. J. C",
    volume = "77",
    number = "1",
    pages = "34",
    year = "2017"
}
@article{Avoni:2018,
  author={G. Avoni and others},
  title={The new LUCID-2 detector for luminosity measurement and monitoring in ATLAS},
  journal={JINST},
  volume={13},
  number={07},
  pages={P07017},
  doi="10.1088/1748-0221/13/07/P07017",
  year={2018},
}

@online{2vSM-ref1,
  title = "Exploiting full/partial $t\bar{t}$ reconstruction for background suppression in 2$\ell$",
  url = "https://indico.cern.ch/event/955360/contributions/4016465/attachments/2102418/3534816/top_reco_bkgd_suppression_2L_20200915.pdf",
  author = "Thomas McCarthy and Florian Fischer"
}


@online{transfod-autobin,
  title = "Automatic binning implementation in TTHFitter - Htop(bb)",
  url = "https://indico.cern.ch/event/455289/contributions/1953694/attachments/1209081/1762963/Calvet_binning_Htop_160108.pdf",
  author = "Thomas Calvet"
}



@misc{HL-LHC-paper,
  doi = {10.23731/CYRM-2020-0010},
  url = {https://e-publishing.cern.ch/index.php/CYRM/issue/view/127},
  author = {{CERN Yellow Reports: Monographs}},
  language = {en},
  title = {CERN Yellow Reports: Monographs,  Vol. 10 (2020): High-Luminosity Large Hadron Collider (HL-LHC): Technical design report},
  publisher = {CERN Yellow Reports: Monographs},
  year = {2020},
  copyright = {Creative Commons Attribution 4.0 International}
}


@online{2vSM-ref2,
  title = "Macro developed to compare t/W/Z reconstruction performance (2$\ell$, 3$\ell$, 4$\ell$)",
  url = "https://indico.cern.ch/event/986357/contributions/4172907/attachments/2169451/3666801/reco_performance_macro_20210112.pdf",
  author = "Thomas McCarthy"
}



@techreport{DL1r-paper,
      title         = "{Monte Carlo to Monte Carlo scale factors for flavour
                       tagging efficiency calibration}",
      institution   = "CERN",
      collaboration = "ATLAS Collaboration",
      address       = "Geneva",
      number        = "ATL-PHYS-PUB-2020-009",
      month         = "May",
      year          = "2020",
      reportNumber  = "ATL-PHYS-PUB-2020-009",
      url           = "https://cds.cern.ch/record/2718610",
}

@article{zz-xsec-paper,
title = {Measurement of the ZZ production cross section and $Z\rightarrow \ell^{+}\ell^{-}\ell^{+}\ell^{-}$  branching fraction in pp collisions at $\sqrt{s}=13$TeV},
journal = {Physics Letters B},
volume = {763},
pages = {280-303},
year = {2016},
issn = {0370-2693},
doi = {https://doi.org/10.1016/j.physletb.2016.10.054},
url = {https://www.sciencedirect.com/science/article/pii/S0370269316306256},
author = {V. Khachatryan and A.M. Sirunyan and A. Tumasyan and W. Adam and E. Asilar and T. Bergauer and J. Brandstetter and E. Brondolin and M. Dragicevic and J. Erö and M. Flechl and M. Friedl and R. Frühwirth and V.M. Ghete and C. Hartl and N. Hörmann and J. Hrubec and M. Jeitler and A. König and I. Krätschmer and D. Liko and T. Matsushita and I. Mikulec and D. Rabady and N. Rad and B. Rahbaran and H. Rohringer and J. Schieck and J. Strauss and W. Treberer-Treberspurg and et al.},

}


@article{ttz-xsec-paper,
  title = {Measurement of the $t\bar{t}Z$ and $t\bar{t}W$ cross sections in proton-proton collisions at $\sqrt{s}=13$TeV with the ATLAS detector},
  author = {Aaboud, M. and Aad, G. and Abbott, B. and Abbott, D. C. and Abdinov, O. and Abeloos, B. and Abhayasinghe, D. K. and Abidi, S. H. and AbouZeid, O. S. and Abraham, N. L. and Abramowicz, H. and Abreu, H. and Abulaiti, Y. and Acharya, B. S. and Adachi, S. and Adam, L. and Adamczyk, L. and Adamek, L. and Adelman, J. and Adersberger, M. and Adiguzel, A. and Adye, T. and Affolder and et al.},
  collaboration = {ATLAS Collaboration},
  journal = {Phys. Rev. D},
  volume = {99},
  issue = {7},
  pages = {072009},
  numpages = {38},
  year = {2019},
  month = {Apr},
  publisher = {American Physical Society},
  doi = {10.1103/PhysRevD.99.072009},
  url = {https://link.aps.org/doi/10.1103/PhysRevD.99.072009}
}

