

@article{alphaGlassSimulation,
title={\textit{The Stopping and Range of Ions in Solids}}, author={Ziegler, J.F. and Biersack, J.P. and Ziegler, M.D.},}

@article{elephantPaper,
title={\textit{A Multi-Purpose Target Station for Radioisotope Production at Medium Energies}}, author={Mills, S.J. and Nortier, F.M. and Rautenbach, W.L. and Smit, H.A. and Steyn G.F.}, year ={1991},}



@book{knoll_pg_3,
	author = {Glenn F. Knoll},
	title = {\textit{Radiation Detection and Measurement}},
	editor = {Wiley},
	chapter = {1},
	pages = {3},
}

@online{crossSectionPIC,
	author = {Koning, A.J. and Rochman, D.},
	title = {\textit{TENDL-2009, TALYS-based Evaluated Nuclear Data Library}},
	url = {http://www.talys.eu/tendl-2009/},
	organization = {NRG},
}
@online{nudat,
	
	authour = {National Nuclear Data Center, Brookhaven National Laboratory},
	title = {\textit{Nuclear Data Sheets}, https://www.nndc.bnl.gov/nudat2/chartNuc.jsp},
	
	url = {https://www.nndc.bnl.gov/nudat2/chartNuc.jsp},

}

@online{decaysheme,
	author ={Nucleonica},
	title = {\textit{Reduced decay scheme of ${}^{18}F$}, https://nucleonica.com/Application/ReducedDecaySchemes/F18_TXT.htm},

	url = {https://nucleonica.com/Application/ReducedDecaySchemes/F18_TXT.htm},

}

@online{proposal,
	author = {T. Leadbeater},
	title = {(28 September 2017) \textit{Development of direct activation tracer particles for positron emission particle
	tracking (PEPT)}, Proposal for beam time},
	type = {Proposal for beam time},
	date = {28 September 2017},

}

@online{hpgeinfo,
	author = {iThemba LABS},
	title = {\textit{HPGe (High-purity germanium) system}, https://tlabs.ac.za/hpge-high-purity-germanium-system/},
	url = {https://tlabs.ac.za/hpge-high-purity-germanium-system/},
}

@online{peptSite,
	author = {Centre for Minerals Research},
	title = {\textit{PEPT Cape Town}, http://www.cmr.uct.ac.za/cmr/ra/PEPT-Cape-Town},
	url = {http://www.cmr.uct.ac.za/cmr/ra/PEPT-Cape-Town},
}

@online{glassbeads,
	author ={PRECIOSA Traditional Czech Glass},
	title = {\textit{Glass Beads as Grinding Media}},
	

}



@online{nuclearReactionsPIC,

	author ={Karlsruhe Nuclide Chart Online, KNCO++},
	title = {\textit{Nuclear reactions on the nuclide chart} https://www.nucleonica.com/wiki/},
	url = {https://www.nucleonica.com/wiki/index.php?title=Help:Karlsruhe_Nuclide_Chart_Online%2C_KNCO%2B%2B},
}

